
@ARTICLE{Buchberger90,
  author = {Bruno Buchberger},
  title = {Should Students Learn Integration Rules?},
  journal = {ACM SIGSAM Bulletin},
  year = {1990},
  volume = {24},
  number = {1},
  pages = {10--17},
  doi = {10.1145/382276.1095228},
  note = {\url{http://dx.doi.org/10.1145/382276.1095228}},
  publisher = {ACM New York, NY, USA}
}

@ARTICLE{Bardet02,
 author = {M. Bardet},
 title = {On the Complexity of a {G}r\"{o}bner Basis Algorithm},
 journal = {INRIA Seminars},
 year = {2002},
 note = {\url{http://algo.inria.fr/seminars/summary/Bardet2002.pdf}}
}

@ARTICLE{RecioVelez99,
 author = {Recio, T. and V\'{e}lez, M.P.},
 year = {1999},
 title = {Automatic Discovery of Theorems in Elementary Geometry},
 journal = {J. Autom. Reasoning},
 volume = {23},
 pages = {63--82}
}

@ARTICLE{Winkler1990,
author = {Winkler, Franz},
journal = {Mathematica Pannonica},
keywords = {automatic theorem proving; degeneracy problem;  {G}r\"{o}bner base; module of syzygies; subsidiary condition},
language = {eng},
number = {1},
pages = {15--32},
publisher = {University of Miskolc},
title = {{G}r\"{o}bner bases in geometry theorem proving and simplest degeneracy conditions.},
note = {\url{http://eudml.org/doc/226707}},
volume = {1},
year = {1990}
}

@ARTICLE{Kapur1986,
title = {Using {G}r\"{o}bner bases to reason about geometry problems},
journal =  {Journal of Symbolic Computation},
volume = {2},
number = {4},
pages = {399--408},
year = {1986},
issn = {0747-7171},
doi = {http://dx.doi.org/10.1016/S0747-7171(86)80007-4},
note = {\url{http://www.sciencedirect.com/science/article/pii/S0747717186800074}},
author = {Deepak Kapur}
}


@book{Cox+Others/1991/Ideals,
  added-at = {2009-05-20T01:29:36.000+0200},
  author = {Cox, David and Little, John and O'Shea, Donald},
  biburl = {http://www.bibsonomy.org/bibtex/2a154e1d63ea6ee04c1b52b2dbeaaaf6a/sriram0339},
  description = {First cut database},
  interhash = {1894570196d74ef5b6b4f7b370554034},
  intrahash = {a154e1d63ea6ee04c1b52b2dbeaaaf6a},
  keywords = {imported},
  publisher = {Springer},
  timestamp = {2009-05-20T01:29:36.000+0200},
  title = {Ideals, Varieties and Algorithms: An Introduction to Computational Algebraic Geometry and Commutative Algebra},
  year = 1991
}

@ARTICLE{LoReVa10,
 author = {R. Losada and T. Recio and J.~L. Valcarce},
 title = {On the automatic discovery of {S}teiner-{L}ehmus generalizations},
 journal = {Proceedings of ADG'2010},
 publisher = {J. Richter-Gebert, P. Schreck (editors), M\"unchen},
 year = {2010},
 pages = {171--174}
}

@ARTICLE{Rabinowitsch1929,
  author = {J.L. Rabinowitsch},
  title = {Zum {H}ilbertschen {N}ullstellensatz},
  journal = {Math. Ann.},
  year = {1929},
  volume = {102},
  number = {1},
  pages = {520},
  doi = {10.1007/BF01782361}
}

@article{Nikolic2009,
 author = {Nikoli\'{c}, M. and Mari\'{c}, F. and Jani\v{c}i\'{c}, P.},
 year = {2009},
 title = {Instance-based selection of policies for {S}{A}{T} Solvers},
 journal = {Theory and Applications of Satisfiability Testing -- SAT 2009, Lecture Notes in Computer Science},
 volume = {5584},
 publisher = {Springer},
 pages = {326--340}
}

@article{Discover,
 author = {Botana, F. and Valcarce, J.},
 year = {2002},
 title = {A dynamic-symbolic interface for geometric theorem discovery},
 journal = {Computers and Education},
 volume = {38},
 pages = {21--35}
}

@article{GCLC,
 author = {Jani\v{c}i\'c, P.},
 year = {2010},
 title = { Geometry Constructions Language},
 journal = {Journal of Automated Reasoning},
 volume = {44},
 number = {1--2},
 pages = {3--24}
}

@mastersthesis{Weitzhofer13,
 author = {Simon Weitzhofer},
 title = {Mechanic Proving of Theorems in Plane Geometry},
 school = {Johannes Kepler University, Linz, Austria},
 note= {\url{http://test.geogebra.org/~kovzol/guests/SimonWeitzhofer/DiplArbeit.pdf}},
 year = {2013}
}

@incollection{Buchberger88,
year={1988},
isbn={978-3-540-18928-2},
booktitle={Trends in Computer Algebra},
volume={296},
series={Lecture Notes in Computer Science},
editor={Janssen, Rainer},
doi={10.1007/3-540-18928-9_5},
title={Applications of {G}r\"obner bases in non-linear computational geometry},
note={\url{http://dx.doi.org/10.1007/3-540-18928-9_5}},
publisher={Springer, Berlin, Heidelberg},
author={Buchberger, Bruno},
pages={52--80}
}

@book{Chou,
title = {Mechanical geometry theorem proving},
publisher = {Kluwer Academic Publishers Norwell, MA, USA},
year = {1987},
isbn = {9-027-72650-7},
author = {Shang-Ching Chou}
}

@article{KutzlerStifter,
author = { Kutzler, B. and Stifter, S.},
title = { On the application of {B}uchberger's algorithm to automated geometry theorem proving},
journal = {J. Symb. Comput.},
volume = {2},
pages = {389--397},
year = {1986}
}

@article{Wu,
author = {Wu, W.-T.},
year = {1978},
title = {On the decision problem and the mechanization of theorem proving in elementary geometry},
journal = {Scientia Sinica},
volume = {21},
pages = {157--179}
}

@ONLINE{giac,
author = {Bernard Parisse},
title = {{G}iac/{X}cas, a free computer algebra system},
month = sep,
year = {2013},
note = {\url{http://www-fourier.ujf-grenoble.fr/~parisse/giac.html}}
}

@article {Singular,
 title = {{\sc Singular} {3-1-6} --- {A} computer algebra system for polynomial computations},
 year = {2012},
 author = {Decker, W. and Greuel, G.-M. and Pfister, G. and Sch{\"o}nemann, H.},
 note = {\url{http://www.singular.uni-kl.de}}
}

@online {OGP,
author = {Ivan Petrovi\'c and Predrag Jani\'ci\v{c}},
year = {2012},
title = {Integration of {O}pen{G}eo{P}rover with {G}eo{G}ebra},
note = {\url{http://argo.matf.bg.ac.rs/events/2012/fatpa2012/slides/IvanPetrovic.pdf}}
}

@online {Desfontaines,
author = {Desfontaines, D.},
year = {2012},
title = {Theorem proving in {G}eo{G}ebra: Implementing the area method into {O}pen{G}eo{P}rover (Internship report)},
month = feb,
note = {\url{http://www.eleves.ens.fr/home/desfonta/InternshipReport.pdf}}
}

@article{area,
author = {Jani\v{c}i\'c, P. and Narboux, J. and Quaresma, P.},
year = {2012},
title = {The area method: a recapitulation},
journal = {Journal of Automated Reasoning},
volume = {48},
numbrt = {4},
pages = {489--532}
}

@article{cad,
author = {Collins, G. E.},
title = {Quantifier elimination for real closed fields by cylindrical algebraic decomposition},
journal = {Lecture Notes in Computer Science},
publisher = {Springer},
volume = {33},
pages = {134--165},
year = {1975}
}

@online{TheoremProvingPlanning,
author = {Zolt\'an Kov\'acs},
title = {Preliminary planning for implementing theorem proving in {G}eo{G}ebra, {G}eo{G}ebra {T}rac {W}iki},
note = {\url{http://dev.geogebra.org/trac/wiki/TheoremProvingPlanning}},
year = {2012},
month = mar
}

@online{gbt,
author = {Zolt\'an Kov\'acs},
title = {Testing {G}r\"obner basis implementations (online version)},
note = {\url{http://vms.geogebra.org:8081}},
year = {2013},
month = sep
}

@online{gbt-tgz,
author = {Zolt\'an Kov\'acs},
title = {Testing {G}r\"obner basis implementations (computer software)},
note = {\url{http://vms.geogebra.org/~kovzol/sw/gbtest3.tgz}},
year = {2013},
month = sep
}


@online{ wiki:kepler,
   author = "Wikipedia",
   title = "Kepler conjecture --- {W}ikipedia{,} The Free Encyclopedia",
   year = "2015",
   mon = feb,
   note = "\url{http://en.wikipedia.org/w/index.php?title=Kepler_conjecture&oldid=651803804}"
 }

@online{ wiki:cas,
   author = "Wikipedia",
   title = "List of computer algebra systems --- {W}ikipedia{,} The Free Encyclopedia",
   year = "2013",
   mon = sep,
   note = "\url{http://en.wikipedia.org/w/index.php?title=List_of_computer_algebra_systems&oldid=573253512}"
 }

@online{ wiki:coq,
   author = "Wikipedia",
   title = "Coq --- {W}ikipedia{,} The Free Encyclopedia",
   year = "2014",
   mon = mar,
   note = "\url{http://en.wikipedia.org/w/index.php?title=Coq}"
 }


@online{mathpiper,
 author = "Ted Kosan",
 title = "Math{P}iper",
 year = "2011",
 month = jan,
 note = "\url{http://www.mathpiper.org}"
}

@online{jasymca,
 author = "Helmut Dersch",
 title = "Jasymca 2.0 -- Symbolic Calculator for {J}ava",
 note = "\url{http://webuser.hs-furtwangen.de/~dersch/jasymca2/Jasymca2en/Jasymca2en.html}",
 year = {2009},
 month = mar
}

@online{reduce,
 author = "Anthony C. Hearn",
 title = "{REDUCE} {U}ser's {M}anual {V}ersion 3.8",
 year = {2004},
 month = feb,
 note = "\url{http://reduce-algebra.com/docs/reduce.pdf}"
}

@incollection{
year={2002},
isbn={978-3-540-43865-6},
booktitle={Artificial Intelligence, Automated Reasoning, and Symbolic Computation},
volume={2385},
series={Lecture Notes in Computer Science},
editor={Calmet, Jacques and Benhamou, Belaid and Caprotti, Olga and Henocque, Laurent and Sorge, Volker},
doi={10.1007/3-540-45470-5_29},
title={{Y}acas: A Do-It-Yourself Symbolic Algebra Environment},
note="\url{http://dx.doi.org/10.1007/3-540-45470-5_29}",
publisher={Springer, Berlin, Heidelberg},
author={Pinkus, Ayal Z. and Winitzki, Serge},
pages={332--336},
language={English}
}

@ELECTRONIC{maxima,
  author = {Maxima},
  year = {2013},
  title = {Maxima, a Computer Algebra System.  {V}ersion 5.30.0},
  address = {http://maxima.sourceforge.net/},
  note = {\url{http://maxima.sourceforge.net/}},
  owner = {maxima},
  timestamp = {2013.04.03}
}

@Misc{CoCoALib,
   author = {J. Abbott and A. M. Bigatti},
   title = {{CoCoALib}: a {C}++ library for doing {C}omputations in {C}ommutative {A}lgebra},
   howpublished ={Available at \url{http://cocoa.dima.unige.it/cocoalib}},
   year=2013
}

@online{jlisp,
author = {Arthur C. Norman},
note = {\url{http://sourceforge.net/p/reduce-algebra/code/HEAD/tree/trunk/jlisp}},
title = {{J}{L}isp},
year=2011
}

@online{jslisp,
author = {Ted Kosan},
note = {\url{http://sourceforge.net/p/reduce-algebra/code/HEAD/tree/trunk/jslisp}},
title = {{J}{S}{L}isp},
year=2011
}

@online{ggw-cas,
author = {Zolt\'an Kov\'acs},
note = {\url{http://blog.geogebra.org/2012/05/geogebraweb-cas/}},
title = {{G}eo{G}ebra{W}eb offers {C}{A}{S} functionality, {G}eo{G}ebra blog entry},
year = {2012},
month = may
}

@book{gwt,
author = {Dewsbury, Ryan},
year = {2007},
title = {{G}oogle {W}eb {T}oolkit Applications},
publisher = {Prentice Hall},
isbn = {978-0-321-50196-7}
}

@article{emscripten,
author = {Alon Zakai},
title = {Emscripten: An {L}{L}{V}{M}-to-{J}ava{S}cript Compiler},
note = {\url{https://github.com/kripken/emscripten/blob/master/docs/paper.pdf?raw=true}},
year = {2013},
month = may
}

@online{jni,
author = {{Oracle Corporation}},
year = {2013},
month = sep,
title = {{J}ava {N}ative {I}nterface},
note = {\url{http://docs.oracle.com/javase/7/docs/technotes/guides/jni/index.html}}
}

@article{e-epi,
title = {Modular functions and transcendence questions},
journal = {Sbornik: Mathematics},
volume = {187},
number = {9},
year = {1996},
author = {Yu. V. Nesterenko}
doi = {10.1070/SM1996v187n09ABEH000158}
}

@online{sws,
author = {Zolt\'an Kov\'acs},
title = {Singular {W}eb{S}ervice, {V}irtual{B}ox {I}{S}{O} image},
note = {\url{http://ggb1.idm.jku.at/~kovzol/VMs/SingularWS-20120711.zip}},
year = {2012},
month = jul
}

@online{sws-geogebra,
author = {Zolt\'an Kov\'acs},
title = {Singular {W}eb{S}ervice in {G}eo{G}ebra},
note = {\url{http://dev.geogebra.org/trac/wiki/SingularWS}},
year = {2012},
month = sep
}

@online{sws-readme,
author = {Zolt\'an Kov\'acs},
title = {Singular {W}eb{S}ervice documentation and source code},
note = {\url{https://github.com/kovzol/singularws}},
year = {2012},
month = oct
}

@incollection{sws-eaca-paper,
author = {F. Botana and Z. Kov\'acs and S. Weitzhofer},
title = {Implementing theorem proving in {G}eo{G}ebra by using a {S}ingular webservice},
booktitle={Proceedings EACA 2012, Libro de Res\'umenes del XIII Encuentro de \'Algebra Computacional y Aplicaciones},
publisher={Universidad de Alcal\'a},
pages={67--70},
year=2012
}

@incollection{ProofsAndProving,
author = {Hanna, G. and Jahnke, H. N.},
year = {1996},
title = {Proofs and Proving},
editor = {Bishop, A. J. and Clements, K. and Keitel, C. and Kilpatrick, J. and Laborde, C.},
booktitle = {International Handbook of Mathematics Education, Part Two},
publisher = {Kluwer Academic Publishers, Dordrecht},
pages={877--908}
}

@book{Handbook,
year = {1996},
editor = {Bishop, A. J. and Clements, K. and Keitel, C. and Kilpatrick, J. and Laborde, C.},
title = {International Handbook of Mathematics Education, Part Two},
publisher = {Kluwer Academic Publishers, Dordrecht},
pages=1358
}

@book{LenartSphere,
title = {Non-Euclidean Adventures on the L\'en\'art Sphere},
publisher = {Lenart Educational Research and Technology},
author = {Istv\'an L\'en\'art},
year = 2013,
pages = 380
}

@misc{ErdosDiscrepancy,
author = {Boris Konev and Alexei Lisitsa},
title = {A {S}{A}{T} Attack on the {E}rdos Discrepancy Conjecture},
year = {2014},
eprint = {arXiv:1402.2184},
note = {\url{http://arxiv.org/pdf/1402.2184v2.pdf}}
}

@ARTICLE{FourColor,
  author = {Kenneth Appel and Wolfgang Haken},
  title = {The Solution of the Four-Color-Map Problem},
  journal = {Scientific American},
  year = {1977},
  volume = {237},
  pages = {108--121},
  doi = {10.1038/scientificamerican1077-108},
  issn = {0036-8733}
}

@book{Ekhad,
author = {Doron Zeilberger},
title = {Plane geometry: An elementary textbook
by Shalosh B. Ekhad, XIV (circa 2050). Downloaded from the
future by Doron Zeilberger},
year = {2001},
note = {\url{http://www.math.rutgers.edu/~zeilberg/GT.html}}
}

@article{Theorema,
author = {Bruno Buchberger and A. Craciun and T. Jebelean and L. Kov\'acs
 and T. Kutsia and K. Nakagawa and F. Piroi and N. Popov and J. Robu
 and M. Rosenkranz and W. Windsteiger},
title = {Theorema: Towards Computer-Aided Mathematical Theory Exploration},
journal = {Journal of Applied Logic},
year = {2005},
issn = {1570-8683}
}

@book{ICMI19,
editor = {Gila Hanna and Michael de Villiers},
title = {Proof and Proving in Mathematics Education. The 19th ICMI Study},
year = {2012},
publisher = {Springer},
issn = {1387-6872}
}

@incollection{Borwein,
author = {Jonathan Michael Borwein},
year = {2012},
title = {Exploratory Experimentation: Digitally-Assisted Discovery and Proof},
editor = {Gila Hanna and Michael de Villiers},
booktitle = {Proof and Proving in Mathematics Education. The 19th ICMI Study},
publisher = {Springer},
pages={69--96}
}

@book{AusubelSullivan70,
author={Ausubel, D. P. and Sullivan, E. V.},
year=1970,
title={Theory and Problems of Child Development},
publisher={Grune \& Stratton, New York}
}

@article{Babai94,
author={Babai, L.},
title={Probably true theorems, cry wolf?},
journal={Notices of the American Mathematical Society},
volume=41,
number=5,
pages={453--454},
year=1994
}

@article{Blum86,
author={Blum, M.},
year=1986,
title={How to prove a theorem so no-one else can claim it},
journal={Proceedings of the International Congress of Mathematicians},
pages={1444--1451}
}

@article{Cipra93,
author={Cipra, B.},
year=1993,
title={New computer insights from `transparent' proofs},
journal={What's happening in the Mathematical Sciences},
volume=1,
pages={7--12}
}


@book{Bloom56,
author={Bloom, B.},
year=1956,
title={Taxonomy of educational objectives: Cognitive Domain},
publisher={David O. McKay, New York}
}

@article{Cobb88,
year=1988,
author={Cobb, P.},
title={The tension between theories of learning and instruction in mathematics
education},
journal={Educational Psychologist},
volume=23,
pages={87--104}
}

@article{Davis93,
author={Davis, P. J.},
year=1993,
title={Visual theorems},
journal={Educational Studies in Mathematics},
volume=24,
number=4,
pages={333--344}
}

@article{Freudenthal79,
author={Freudenthal, H.},
year=1979,
title={Ways to report on empirical research in education},
journal={Educational Studies in Mathematics},
volume=10,
number=3,
pages={275--303}
}

@incollection{Gagne67,
author={Gagn\'e, R. M.},
title={Instruction and the conditions of learning},
editor = {L. Siegel},
booktitle = {Instruction: Some contemporary viewpoints},
publisher = {Chandler, San Francisco},
pages={291--313},
year=1967
}

@ARTICLE{Horgan93,
  author = {Horgan, J.},
  title = {The Death of Proof},
  journal = {Scientific American},
  year = {1993},
  volume = {269},
  number = 4,
  pages = {93--103}
}

@article{KierenSteffe94,
author={Kieren, T. and Steffe, L.},
year=1994,
title={Radical constructivism and mathematical education},
journal={Journal for Research in Mathematics Education},
volume=25,
number=6,
pages={711--733}
}

@misc{LampertRittenhouseCrumbaugh94,
author={Lampert, M. and Rittenhouse, P. and Crumbaugh, C.},
year=1994,
title={From personal disagreement to mathematical discourse in the fifth grade},
howpublished={Paper presented at the annual meeting of the {A}merican {E}ducational {R}esearch {A}ssociation, {N}ew {O}rleans}
}

@book{Polya73,
author={P\'olya, G.},
year=1973,
title={How to solve it: A new aspect of mathematical method},
publisher={Princeton University Press, Princeton, NJ}
}

@incollection{GoldwasserMicaliRackoff85,
author = {Goldwasser, S. and Micali, S. and Rackoff, C.},
year=1985,
title = {The knowledge complexity of interactive proof-systems},
booktitle={Proceedings of the 17th ACM Sysmposium on Theory of Computing},
pages={291--304}
}

@incollection{vonGlaserfeld83,
author={von Glaserfeld, E.},
year=1983,
title={Learning as a constructive activity},
booktitle={Proceedings of the North American Chapter of the International Group for the Psychology of Mathematics Education},
editor={J. C. Bergeron and N. Herscovics},
volume=1,
publisher={PME-NA, Montreal},
pages={41--69}
}

@article{Thurston94,
author={Thurston, W. P.},
year=1994,
title={On proof and progress in mathematics},
journal={Bulletin of the American Mathematical Society},
volume=30,
number=2,
pages={161--177}
}

@article{Skemp76,
author={Skemp, R.},
year=1976,
title={Relational understanding and instrumental understanding},
journal={Mathematics Teaching},
volume=77,
pages={20--26}
}

@book{Silver85,
editor={Silver, E. A.},
year=1985,
title={Teaching and learning mathematical problem solving:
Multiple research perspectives},
publisher={Lawrence Erlbaum Associates, Hillsdale, NJ}
}

@incollection{Stylianides12,
title = {Principles of Task Design for Conjecturing and Proving},
year = {2012},
author = {Fou-Lai Lin and Kai-Lin Yang and Kyeong-Hwa Lee and Michal Tabach and Gabriel Stylianides},
editor = {Gila Hanna and Michael de Villiers},
booktitle = {Proof and Proving in Mathematics Education. The 19th ICMI Study},
publisher = {Springer},
pages={305--326}
}

@article{Mariotti2000,
year=2000,
title={Introduction to proof: The mediation of a dynamic software environment},
journal={Educational Studies in Mathematics},
author={Mariotti, M. A.},
volume=44,
pages={25--53}
}

@article{MarradesGuttierez2000,
year=2000,
author={Marrades, R. and Gutti\'errez, A.},
journal={Educational Studies in Mathematics},
title={Proofs produced by secondary school students learning geometry in a dynamic computer environment},
volume=44,
number={1/2},
pages={87--125}
}


@book{deVilliers-Sketchpad,
year=1999,
author={de Villiers, M.},
title={Rethink proof with {S}ketchpad},
publisher={Key Curriculum Press, Emeryville}
}


@online{ wiki:dgs,
   author = "Wikipedia",
   title = "List of interactive geometry software --- {W}ikipedia{,} The Free Encyclopedia",
   year = "2014",
   mon = feb,
   note = "\url{http://en.wikipedia.org/w/index.php?title=List_of_interactive_geometry_software}"
 }


@book{supposer,
author={Schwartz, J. L. and Yerushalmy, M.},
year=1983,
title={The Geometric Supposer},
publisher={Sunburst Communications, Pleasantville, NY}
}


@online{ wiki:pagerank,
   author = "Wikipedia",
   title = "PageRank --- {W}ikipedia{,} The Free Encyclopedia",
   year = "2014",
   mon = feb,
   note = "\url{http://en.wikipedia.org/w/index.php?title=PageRank}"
 }



@BOOK{Tarski1983,
   title = {Metamathematische Methoden in der Geometrie},
   publisher = {Springer},
   author = {W. Schwabh\"auser and W. Szmielew and A. Tarski},
   year = {1983}
}

@article{Narboux2007a,
 author = {Narboux, J.},
 year = {2007},
 title =  {A graphical user interface for formal proofs in geometry},
 journal = {Journal of Automated Reasoning},
 volume = {39},
 number = {2},
 pages = {161--180}
}

@incollection{Narboux2007b,
author = {J. Narboux},
title = {Geo{P}roof, a user interface for formal proofs in geometry},
booktitle = {Mathematical User-Interfaces Workshop, Electronic Proceedings},
note = {\url{http://www.activemath.org/workshops/MathUI/07/proceedings/Narboux-Geoproof-MathUI07.html}},
publisher = {Schloss Hagenberg, Linz, Austria},
year = {2007}
}


@Manual{Coq:manual,
  title =        {The {C}oq proof assistant reference manual},
  author =       {The {Coq~development~team}},
  organization = {LogiCal Project},
  note =         {Version 8.0},
  year =         {2004},
  note =          "\url{http://coq.inria.fr}"
}


@misc{ wiki:eulerline,
   author = "Wikipedia",
   title = "Euler line --- {W}ikipedia{,} The Free Encyclopedia",
   year = "2013",
   note = "\url{http://en.wikipedia.org/w/index.php?title=Euler_line&oldid=584802504}",
   note = "[Online; accessed 5-February-2014]"
 }

@incollection{Pham,
year={2011},
isbn={978-3-642-21897-2},
booktitle={Computational Science and Its Applications -- ICCSA 2011},
volume={6785},
series={Lecture Notes in Computer Science},
editor={Murgante, Beniamino and Gervasi, Osvaldo and Iglesias, Andrés and Taniar, David and Apduhan, BernadyO.},
note = {\url{http://dx.doi.org/10.1007/978-3-642-21898-9_32}},
title={A {C}oq-Based Library for Interactive and Automated Theorem Proving in Plane Geometry},
publisher={Springer, Berlin, Heidelberg},
keywords={formalization; automation; geometry; Coq; teaching},
author={Pham, Tuan-Minh and Bertot, Yves and Narboux, Julien},
pages={368--383}
}

 @misc{wiki:vbox,
   author = "Wikipedia",
   title = "{V}irtual{B}ox --- {W}ikipedia{,} The Free Encyclopedia",
   year = "2014",
   note = "\url{http://en.wikipedia.org/w/index.php?title=VirtualBox&oldid=590844188}",
   note = "[Online; accessed 5-February-2014]"
 }

@misc{geoproof-site,
author = {J. Narboux},
title = {Geo{P}roof web site},
note = {\url{http://home.gna.org/geoproof/}},
year = {2006}
}

@misc{coq-hurry,
author = {Y. Bertot},
year = {2010},
note = {\url{http://cel.archives-ouvertes.fr/docs/00/47/58/07/PDF/coq-hurry.pdf}},
title = {Coq in a hurry}
}

@misc{tarski-narboux,
note = {\url{http://dpt-info.u-strasbg.fr/~narboux/tarski.html}},
title = {Formalization of {T}arski's geometry in the {C}oq proof assistant},
author = {J. Narboux and G. Braun},
year = {2013}
}

@article{tarski-narboux-2006,
author = {Julien Narboux}, 
title = {Mechanical Theorem Proving in {T}arski's geometry},
journal = {Automated Deduction in Geometry -- Lecture Notes in Computer Science},
volume = {4869},
year = {2007},
month = {Aug},
publisher = {Springer, Pontevedra, Spain},
pages = {139--156},
doi = {10.1007/978-3-540-77356-6}
}


 @misc{ wiki-tarski,
   author = "Wikipedia",
   title = "Tarski's axioms --- {W}ikipedia{,} The Free Encyclopedia",
   year = "2014",
   note = "\url{http://en.wikipedia.org/w/index.php?title=Tarski%27s_axioms&oldid=589985861}",
   note0 = "[Online; accessed 5-February-2014]"
 }


@article{deVilliers90,
year=1990,
author={de Villiers, M.},
title={The role and function of proof in mathematics},
journal={Pythagoras},
volume=24,
pages={17--24}
}

@article{GgW,
year=2013,
author={Ancsin, G. and Hohenwarter, M. and Kov\'acs, Z.},
title={{G}eo{G}ebra goes web},
journal={The Electronic Journal of Mathematics and Technology},
volume=7,
number=6,
pages={412--418}
}


@article{BertotGuilhotPottier04,
author={Bertot, Y. and Guilhot, F., and Pottier, L.},
year=2004,
title={Visualizing Geometrical Statements with {G}eo{V}iew},
journal={Electronic Notes in Theoretical Computer Science},
volume=103,
pages={49--65}
}

@article{BaetaQuaresma13,
note={\url{http://ceur-ws.org/Vol-1010/paper-08.pdf}, submitted to THedu'13},
title={The Full Angle Method on the {O}pen{G}eo{P}rover},
author={Baeta, N. and Quaresma, P.},
year=2013
}

@article{FullAngle96,
author={Shang-Ching Chou and Xiao-Shan Gao and Jing-Zhong Zhang},
year=1996,
title={{A}utomated {G}eneration of {R}eadable {P}roofs
with {G}eometric {I}nvariants, {I}{I}. {T}heorem {P}roving With {F}ull-{A}ngles},
journal={Journal of Automated Reasoning},
volume=17,
number=13,
pages={349--370},
doi={10.1007/BF00283134}
}

@incollection{area-CGZ,
author={Chou, S.C. and Gao, X.S. and Zhang, J.Z.},
title={Automated production of traditional proofs for constructive geometry theorems},
editor={Vardi, M.},
booktitle={Proceedings of the Eighth Annual IEEE Symposium on Logic in Computer
Science LICS},
pages={48--56},
publisher={IEEE Computer Society Press},
year=1993
}

@misc{Novakova14,
title={The best of {M}atema{T}ech. {P}resentation at the {G}eo{G}ebra Conference {B}udapest},
author={Irena \v{S}trausov\'a},
year=2014,
howpublished={\url{http://events.geogebra.org/budapest2014/}}
}

@book{MLGeometry01,
title={Geometry. McDougal Littell High School Math Series},
publisher={McDougall Littell},
year=2001,
author={Boswell, L. and Larson, R. and Stiff, L.},
note={\url{http://www.nexuslearning.net/books/ml-geometry/}}
isbn=9780395937778
}

@book{Centroid,
title={Creative geometry},
author={Sanders, C. V.},
year=2006,
note={\url{http://mathforum.org/sanders/creativegeometry}}
}

@online{ wiki:Posa,
   author = "Wikipedia",
   title = "{L}ajos {P}\'osa (mathematician) --- {W}ikipedia{,} The Free Encyclopedia",
   year = "2014",
   mon = feb,
   note = "\url{http://en.wikipedia.org/w/index.php?title=Lajos_P%C3%B3sa_(mathematician)}"
 }

@article{Posa,
author="P\'osa, L.",
volume=132,
number=3,
year=2001,
month=mar,
title={Matematikai t\'aboraim},
journal={A term\'eszet vil\'aga},
note={\url{http://www.termeszetvilaga.hu/tv2001/tv0103/tartalom.html}}
}

@article{Magajna,
author="Magajna, Z.",
title="An observation tool as an aid for building proofs",
journal="Electronic Journal of Mathematics and Technology",
volume=5,
number=3,
year=2011,
note={\url{http://www.freepatentsonline.com/article/Electronic-Journal-Mathematics-Technology/270980194.html}}
}

@online{ggt,
author = {Hohenwarter, M. and Borcherds, M. and 
  Ancsin, G. and
  Bencze, B. and
  Blossier, M. and
  Delobelle, A. and
  Denizet, C. and
  \'Eli\'as, J. and
  Fekete, \'A and
  G\'al, L. and
  Kone\v{c}n\'y, Z. and
  Kov\'acs, Z. and
  Lizelfelner, S. and
  Parisse, B. and
  Sturr, G.},
title = {{G}eo{G}ebra{T}ube},
note = {\url{http://www.geogebratube.org}},
year = {2014},
month = feb
}

@online{gg2,
author = {Hohenwarter, M. and Borcherds, M. and 
  Ancsin, G. and
  Bencze, B. and
  Blossier, M. and
  Delobelle, A. and
  Denizet, C. and
  \'Eli\'as, J. and
  Fekete, \'A and
  G\'al, L. and
  Kone\v{c}n\'y, Z. and
  Kov\'acs, Z. and
  Lizelfelner, S. and
  Parisse, B. and
  Sturr, G.},
title = {{G}eo{G}ebra 4.4},
note = {\url{http://www.geogebra.org}},
year = {2013},
month = dec
}

@online{gg3,
author = {Hohenwarter, M. and Borcherds, M. and 
  Ancsin, G. and
  Bencze, B. and
  Blossier, M. and
  Delobelle, A. and
  Denizet, C. and
  \'Eli\'as, J. and
  Fekete, \'A and
  G\'al, L. and
  Kone\v{c}n\'y, Z. and
  Kov\'acs, Z. and
  Lizelfelner, S. and
  Parisse, B. and
  Sturr, G.},
title = {{G}eo{G}ebra 5},
note = {\url{http://www.geogebra.org}},
year = {2014},
month = sep
}



@mastersthesis{gg,
author = {Markus Hohenwarter},
title = {{G}eo{G}ebra: Ein {S}oftwaresystem f\"ur dynamische {G}eometrie und {A}lgebra der {E}bene},
school = {Paris Lodron University, Salzburg, Austria},
year = 2002,
month = feb
}

@inproceedings{WilsonFleuriot05,
year=2005,
note={\url{http://www.nesc.ac.uk/talks/417/Session%204/wilson/Wilson-GeometryExplorer.pdf}},
title={{G}eometry {E}xplorer: Combining Dynamic
Geometry, Automated Geometry Theorem Proving
and Diagrammatic Proofs},
author={Wilson, S. and Fleuriot, J.},
booktitle={Proceedings of the User Interfaces for Theorem Provers Workshop}
}

@misc{WilsonFleuriot06,
author={Wilson, S. and Fleuriot, J.},
year=2006,
title={{G}eometry {E}xplorer: A Tool for Generating Diagrammatic Full-Angle Method Proofs},
howpublished={\url{http://webs.uvigo.es/adg2006/talks_files/wilson.pdf}}
}

@incollection{jgex11,
author={Ye, Z. and Chou, S. C. and Gao, X. S.},
title={An Introduction to {J}ava {G}eometry {E}xpert},
booktitle={Automated Deduction in Geometry, 7th International Workshop, ADG 2008, Shanghai,
China, September 22-24, 2008, Revised Papers, Lecture Notes in Computer Science},
volume=6301,
publisher={Springer},
pages={189--195},
year=2011
}

@phdthesis{ulli99,
author={Ulrich Kortenkamp},
year=1999,
title={Foundations of Dynamic Geometry},
school={ETH Z\"urich}
}

@manual{cinderella-pappus,
note={\url{http://doc.cinderella.de/tiki-index.php?page=Pappus+Theorem}},
title={Pappus's Theorem},
year=2011,
month=sep,
author={Richter-Gebert, J. and Kortenkamp, U. H. and Kohler, E.}
}

@incollection{mmp-geometer,
author={Gao, X.S. and Lin, Q.},
year=2004,
title={{MMP}/{G}eometer ---  a software package
for automated geometric reasoning.},
editor={Winkler, F.},
booktitle={Automated Deduction in Geometry: 4th International Workshop, (ADG
2002), volume 2930 of Lecture Notes in Computer Science, 4466.},
publisher={Springer}
}

@article{gdd,
author={Chou, S.C. and Gao, X.S. and Zhang, J.Z.},
year=2000,
title={A deductive database approach to automated geometry theorem proving and discovering},
journal={J. Automated Reasoning},
volume=25,
pages={219--246}
}

@article{visual1,
author={Ye, Z. and Chou, S.C. and Gao, X.S.},
title={Visually Dynamic Presentation of Proofs in Plane Geometry, Part 1. {B}asic Features and the Manual Input Method},
journal={Journal of Automated Reasoning},
volume=45,
pages={213--241},
year=2010
}

@article{visual2,
author={Ye, Z. and Chou, S.C. and Gao, X.S.},
title={Visually Dynamic Presentation of Proofs in Plane Geometry, Part 2. {A}utomated Generation of Visually Dynamic Presentations with the Full-Angle Method and the Deductive Database Method},
journal={Journal of Automated Reasoning},
volume=45,
pages={243--266},
year=2010
}

@book{adler58,
author={Adler, C.F.},
title={Modern Geometry},
publisher={McGraw-Hill Book, Sydney},
year=1958
}

@book{Robu07,
author={Robu, J.},
title={Automated Geometry Theorem Proving. {S}olutions using the {T}heorema System},
publisher={Cluj University Press},
year=2007,
isbn={978-973-610-637-8}
}

@phdthesis{Buchberger65,
author={Buchberger, Bruno},
year=1965,
title={An Algorithm for finding a basis for the residue class ring of a zero-dimensional polynomial ideal},
school={Math.~Inst.~University of Innsbruck, Austria}
}

@misc{giac-geogebra,
author={Kov\'acs, Z. and Parisse, B.},
title={Giac and {G}eo{G}ebra --- improved {G}r\"obner basis computations, {S}pecial semester on Applications of Algebra and Number Theory,
 Workshop 3 on Computer Algebra and Polynomials},
year=2013,
howpublished={\url{https://www.ricam.oeaw.ac.at/specsem/specsem2013/workshop3/slides/parisse-kovacs.pdf}}
}

unusedarticle{smale17,
author={Beltr\'an, C. and Pardo, L. M.},
year=2009,
title={Smale's 17th Problem: {A}verage Polynomial Time to compute affine and projective solutions},
journal={Journal of the American Mathematical Society},
volume=22,
pages={363--385}
}

@article{smale17,
author={Cucker, F. and B\"urgisser, P.},
year=2011,
title={On a problem posed by {S}teve {S}male},
journal={Annals of Mathematics},
volume=174,
number=3,
pages={1785--1836},
doi={10.4007/annals.2011.174.3.8.}
}

@misc{hoeven03,
author={van der Hoeven, J.},
title={Why freedom is important for scientists},
year=2003,
howpublished={\url{http://www.texmacs.org/tmweb/about/philosophy.en.html}}
}

@misc{ParisseGB,
author = {Parisse, B.},
title = {A probabilistic and deterministic modular algorithm for computing Groebner basis over $\Q$},
year = {2013},
eprint = {arXiv:1309.4044v2 [cs.SC]},
note = {\url{http://arxiv.org/pdf/1309.4044v2.pdf}}
}

@inproceedings{masspoint,
title={Automated generation of readable proofs for constructive geometry statements with the mass point method},
author={Zou, Y. and Zhang, J.},
booktitle={Proceeding ADG'10: Proceedings of the 8th international conference on Automated Deduction in Geometry},
pages={221--258},
publisher={Springer, Berlin, Heidelberg},
year=2011,
isbn={978-3-642-25069-9},
doi={10.1007/978-3-642-25070-5_13}
}

@book{Mat1,
  author = {Hajnal, Imre and N\'emethy, Katalin},
  publisher = {Tank\"onyvkiad\'o, Budapest},
  title = {Matematika I.},
  year = 1988
}

@misc{EuclidsPropositions,
note = {\url{http://aleph0.clarku.edu/~djoyce/java/elements/bookI/bookI.html}},
title = {Euclid's Elements},
year=1996,
author={Joyce, David E.}
}

@misc{creativityspiral,
title = {{\em Theorema}: Theorem Proving for the Masses Using {M}athematica},
author={Buch\-berger, B. and the Theo\-rema Work\-ing Group},
year=1998,
howpublished={Invited Talk at the Worldwide Mathematica Conference, Chicago, June 18-21, 1998.}
}

@article{amai,
year={2014},
month=Nov,
issn={1012-2443},
journal={Annals of Mathematics and Artificial Intelligence},
doi={10.1007/s10472-014-9438-2},
title={A {S}ingular web service for geometric computations},
note={\url{http://dx.doi.org/10.1007/s10472-014-9438-2}},
publisher={Springer},
keywords={Web services; Dynamic geometry; Parametric polynomial systems; Geometric loci; Envelopes; MSC2010 68W30; MSC2010 68T35},
author={Botana, Francisco and Kov\'acs, Zolt\'an},
pages={1--12},
language={English}
}

@incollection{portfolio,
issn={0874-338X},
booktitle={Proceedings of the 10th International Workshop on Automated Deduction in Geometry (ADG 2014), 9-11 July 2014},
publisher={University of Coimbra, Portugal},
editor={Botana, F. and Quaresma, P.},
pages={191--205},
title={The portfolio prover in {G}eo{G}ebra 5},
author={Kov\'acs, Z.},
year=2014
}

@incollection{beeson,
year={2013},
isbn={978-3-642-40671-3},
booktitle={Automated Deduction in Geometry},
volume={7993},
series={Lecture Notes in Computer Science},
editor={Ida, Tetsuo and Fleuriot, Jacques},
doi={10.1007/978-3-642-40672-0_1},
title={Proof and Computation in Geometry},
note={\url{http://dx.doi.org/10.1007/978-3-642-40672-0_1}},
publisher={Springer, Berlin, Heidelberg},
author={Beeson, Michael},
pages={1-30},
language={English}
}

@book{hilbert,
year=1899,
title={Grundlagen der Geometrie},
author={David Hilbert},
publisher={B.~G.~Teubner, Leipzig}
}

@incollection{recio-eaca-paper,
author = {Z. Kov\'acs and T. Recio and S. Weitzhofer},
title = {Implementing theorem proving in {G}eo{G}ebra by using exact check of a statement in a bounded number of test cases},
booktitle={Proceedings EACA 2012, Libro de Res\'umenes del XIII Encuentro de \'Algebra Computacional y Aplicaciones},
publisher={Universidad de Alcal\'a},
pages={123--126},
year=2012
}

@article{sturmfels,
year=1989,
journal={Results in Mathematics},
volume=15,
number={3--4},
pages={351--360},
author={Sturmfels, B.},
title={Computing Final Polynomials and Final Syzygies Using {B}uchberger's {G}r\"obner Bases Method}
}

@misc{sturmfels-counter,
year=2014,
title={Sturmfels' Counterexample},
author={Kov\'acs, Z.},
howpublished={\url{http://www.geogebratube.org/student/m93563}}
}

@article{isotani,
author={Isotani, S. and Brand\~ao, L.~O.},
year=2008,
title={An algorithm for automatic checking of exercises in a dynamic geometry system: i{G}eom},
journal={Computers and Education},
volume=51,
pages={1283--1303}
}

@book{proclus,
author={Proclus},
title={A commentary on the {F}irst {B}ook of {E}uclid's {E}lements},
note={Translated by {G}lenn {R}aymond {M}orrow},
publisher={Princeton University Press},
year=1992,
isbn={978-0-691-02090-7}
}

@book{winkler,
author={Winkler, F.},
title={Polynomial Algorithms in Computer Algebra},
year=1996,
isbn={978-3211827598},
publisher={Springer}
}

@online{ wiki:gb,
   author = "Wikipedia",
   title = {Gr\"obner basis --- {W}ikipedia{,} The Free Encyclopedia},
   year = "2015",
   mon = jan,
   note = "\url{http://en.wikipedia.org/w/index.php?title=Gr%C3%B6bner_basis&oldid=639873328}"
 }

@book{singularbook,
title={A {S}ingular Introduction to Commutative Algebra},
author={Greuel, Gert-Martin and Pfister, Gerhard},
year=2008,
isbn={978-3-540-73542-7}
}

@misc{recio-pres,
title={Implementing theorem proving in {G}eo{G}ebra by using a {S}ingular webservice, or by exact check
of a statement in a bounded number of test cases},
author={F. Botana and Z. Kov\'acs and T. Recio and S. Weitzhofer},
year=2012,
howpublished={\url{http://ggb1.idm.jku.at/~kovzol/talks/eaca12/EACA2012-BotanaKovacsRecioWeitzhofer.pdf}}
}

@inproceedings{Roanes-Macias:2006:MPA:1784950.1784961,
 author = {Roanes-Mac\'{\i}as, E. and Roanes-Lozano, E.},
 title = {A {M}aple Package for Automatic Theorem Proving and Discovery in 3D-geometry},
 booktitle = {Proceedings of the 6th International Conference on Automated Deduction in Geometry},
 series = {ADG'06},
 year = {2007},
 isbn = {3-540-77355-X, 978-3-540-77355-9},
 location = {Pontevedra, Spain},
 pages = {171--188},
 numpages = {18},
 note = {\url{http://dl.acm.org/citation.cfm?id=1784950.1784961}},
 acmid = {1784961},
 publisher = {Springer},
 address = {Berlin, Heidelberg},
}


@incollection{giacgeogebraspringer,
year={2015},
isbn={978-3-319-15080-2},
booktitle={Computer Algebra and Polynomials},
series={Lecture Notes in Computer Science},
editor={Gutierrez, Jaime and Schicho, Josef and Weimann, Martin},
doi={10.1007/978-3-319-15081-9_7},
title={Giac and {G}eo{G}ebra -- Improved {G}r\"obner Basis Computations},
url={\url{http://dx.doi.org/10.1007/978-3-319-15081-9_7}},
publisher={Springer},
keywords={Gr\"obner basis; Computer algebra; Computer aided mathematics education},
author={Kov\'acs, Zolt\'an and Parisse, Bernard},
pages={126-138},
language={English}
}


@online{ggcommandline,
author = {The {G}eo{G}ebra {T}eam},
title = {Reference: Command Line Arguments --- {G}eo{G}ebra{W}iki},
note = {\url{http://wiki.geogebra.org/en/Reference:Command_Line_Arguments}},
year = {2015},
month = mar
}

@online{Serre,
author = {Roger Balian and  Jean-Michel Bismut and Alain Connes and
Jean-Pierre Demailly and Laurent Lafforgue and
Pierre Lelong and Jean-Pierre Serre},
title = {Les savoirs fondamentaux au service de l'avenir scientifique et technique},
year = 2004,
month = nov,
note = {\url{https://www-fourier.ujf-grenoble.fr/~demailly/manuscripts/SavoirsFondamentaux.pdf}}
}

@inproceedings{RalphBack,
year = 2009,
author = {Peltom\"aki, Mia and Back, Ralph-Johan},
editor = { Fou-Lai Lin and Feng-Jui Hsieh and Gila Hanna and  Michael de Villiers },
isbn = "978-986-01-8210-1",
note = {\url{http://140.122.140.1/~icmi19/files/Volume_2.pdf}},
booktitle = {Proceedings of the ICMI Study 19 conference: Proof and Proving in Mathematics Education},
title = {An Empirical Evaluation of Structured Derivations in High School Mathematics}
}

@incollection{RME,
year={2014},
isbn={978-94-007-4977-1},
booktitle={Encyclopedia of Mathematics Education},
editor={Lerman, Stephen},
doi={10.1007/978-94-007-4978-8_170},
title={Realistic Mathematics Education},
note={\url{http://dx.doi.org/10.1007/978-94-007-4978-8_170}},
publisher={Springer Netherlands},
keywords={Domain-specific teaching theory; Realistic contexts; Mathematics as a human activity; Mathematization},
author={van den Heuvel-Panhuizen, Marja and Drijvers, Paul},
pages={521-525},
language={English}
}

@online{rubik,
note = {\url{http://www.cube20.org}},
title = {God's Number is 20},
author = {Tomas Rokicki and Herbert Kociemba and Morley Davidson and John Dethridge},
year = 2010,
month = jul
}

@misc{KeplerProof,
author = {Thomas Hales and Mark Adams and Gertrud Bauer and Dat Tat Dang and John Harrison and Truong Le Hoang and Cezary Kaliszyk and Victor Magron and Sean McLaughlin and Thang Tat Nguyen and Truong Quang Nguyen and Tobias Nipkow and Steven Obua and Joseph Pleso and Jason Rute and Alexey Solovyev and An Hoai Thi Ta and Trung Nam Tran and Diep Thi Trieu and Josef Urban and Ky Khac Vu and Roland Zumkeller},
title = {A formal proof of the {K}epler conjecture},
year = {2015},
month = jan,
eprint = {arXiv:1501.02155 [math.MG]},
note = {\url{http://arxiv.org/pdf/1501.02155v1.pdf}}
}


@article{DanSong,
  author    = {Xiaoyu Chen and
               Dan Song and
               Dongming Wang},
  title     = {Automated Generation of Geometric Theorems from Images of Diagrams},
  journal   = {CoRR},
  volume    = {abs/1406.1638},
  year      = {2014},
  note       = {\url{http://arxiv.org/abs/1406.1638}},
  timestamp = {Tue, 01 Jul 2014 11:58:08 +0200},
  biburl    = {http://dblp.uni-trier.de/rec/bib/journals/corr/ChenSW14},
  bibsource = {dblp computer science bibliography, http://dblp.org}
}

@book{monk,
author={Donald Monk},
year=1976,
title={Mathematical Logic},
publisher={Springer},
isbn=9780387901701
}


@misc{ wiki:corestandards,
   author = "Wikipedia",
   title = "Common {C}ore {S}tate {S}tandards {I}nitiative --- {W}ikipedia{,} The Free Encyclopedia",
   year = "2015",
   note = "\url{http://en.wikipedia.org/w/index.php?title=Common_Core_State_Standards_Initiative&oldid=661231145}",
   note0 = "[Online; accessed 7-May-2015]"
 }

@misc{losvoneuklid,
author={Verena Rembowski},
title={Begriffslernen: `{L}os von {E}uklid!' und wieder zur\"uck? {P}resentation at 29.~{H}erbsttagung des {AK}-{G}eometrie, {S}aarb\"ucken, 15 {S}eptember 2012},
year=2012
}

@misc{euclidmustgo,
author={Jean Dieudonn\'{e}},
title={New thinking in school mathematics. The {R}oyamount {S}eminar, {N}ovember 23--{D}ecember 4, 1959},
year=1959,
note = {\url{http://www.academia.edu/1645989/New_Thinking_in_School_Mathematics_by_J._Dieudonne_1959}}
}

@misc{sutherland,
author={Sutherland, I. E.},
title={Sketchpad: A man-machine graphical communication system, {L}incoln {L}aboratory,
{M}assachusetts {I}nstitute of {T}echnology via {D}efense {T}echnical {I}nformation
{C}enter, Technical Report No.~296, Lexington, MA},
note = {\url{http://handle.dtic.mil/100.2/AD404509}},
year = 1963}

@misc{pech-time2014,
ISSN={2313-1640},
author={Pavel Pech},
title={The Use of {DGS} and {CAS} in Proving Theorems. Keynote talk at Technology and its Integration in Mathematics ({TIME}) 2014},
year=2014,
note={\url{http://journal.ph-noe.ac.at/index.php/resource/article/view/101/107}}
}

@article{gelernter59,
year=1959,
author={Gelernter, H.},
title={Realisation of a Geometry-Proving Machine},
journal={Proceedings of the {I}nternational {C}onference on {I}nformation {P}rocessing, {P}aris, {J}une 15-20, 1959.},
pages={273--282}
}

@article{Coelho:1986:ARG:8126.8127,
 author = {Coelho, Helder and Pereira, Luis M.},
 title = {Automated Reasoning in Geometry Theorem Proving with {P}rolog},
 journal = {J. Autom. Reason.},
 issue_date = {Dec. 1986},
 volume = {2},
 number = {4},
 month = dec,
 year = {1986},
 issn = {0168-7433},
 pages = {329--390},
 numpages = {62},
 note = {\url{http://dx.doi.org/10.1007/BF00248249}},
 doi = {10.1007/BF00248249},
 acmid = {8127},
 publisher = {Springer, New York, Inc.},
 address = {Secaucus, NJ, USA},
}

@article{Bernat1996,
author={Bernat, P.},
year=1996,
title={Using dynamic geometry environments for problem solving: {CHYPRE}: an interactive environment
for elementary geometry problem solving. Abstract of a presentation at {T}he 8th {I}nternational {C}ongress
on {M}ath {E}ducation ({ICME} 8).},
note = { \url{http://mathforum.org/mathed/seville/bernat/abst_bernat.html}},
publisher = {Seville}
}

@phdthesis{Luengo97,
author={V. Luengo},
year=1997,
title={{C}abri-{E}uclide: Un micromonde de Preuve int\'egrant la r\'efutation},
school={Universit\'e Joseph Fourier, Grenoble}
}

@article{tomas-discovery2,
author={Recio, Tom\'as and Dalzotto, G.},
title={On protocols for the automated discovery of theorems in elementary geometry},
journal={Journal of Automated Reasoning},
year=2009,
volume=43,
pages={203--236}
}

@article{extraverification,
title={El color din\'amico en {G}eo{G}ebra},
author={Rafael Losada},
year=2014,
journal={La Gaceta de la Real Sociedad Matem\'atica Espa\~nola},
volume=17,
number=3
}

@book{oecd2007,
note={\url{http://www.oecd.org/edu/ceri/38654317.pdf}},
title={Giving Knowledge for Free: The Emergence of Open Educational Resources},
isbn=9789264032125,
author={OECD},
author0={Center for Educational Research and Innovation},
year=2007
}

@article{Hamada:2009:KLS:1504347.1504375,
 author = {Hamada, Tatsuyoshi and {KNOPPIX}/{M}ath~committers},
 title = {{KNOPPIX}/{M}ath: A Live System for Enjoying Mathematics with Computer},
 journal = {ACM Commun. Comput. Algebra},
 issue_date = {September 2008},
 volume = {42},
 number = {3},
 month = feb,
 year = {2009},
 issn = {1932-2240},
 pages = {175--176},
 numpages = {2},
 note = {\url{http://doi.acm.org/10.1145/1504347.1504375}},
 doi = {10.1145/1504347.1504375},
 acmid = {1504375},
 publisher = {ACM},
 address = {New York, NY, USA},
} 

@inproceedings{boutry:hal-00989781,
  TITLE = {{Using small scale automation to improve both accessibility and readability of formal proofs in geometry}},
  AUTHOR = {Boutry, Pierre and Narboux, Julien and Schreck, Pascal and Braun, Gabriel},
  URL = {https://hal.inria.fr/hal-00989781},
  BOOKTITLE = {{Automated Deduction in Geometry 2014}},
  ADDRESS = {Coimbra, Portugal},
  EDITOR = {Francisco Botana and Pedro Quaresma},
  SERIES = {Proceedings of ADG 2014},
  PAGES = {1-19},
  YEAR = {2014},
  MONTH = Jul,
  KEYWORDS = {formalization ; geometry ; Coq ; proof assistant ; Tarski},
  PDF = {https://hal.inria.fr/hal-00989781/file/small-scale-automation-Tarski-proceedings.pdf},
  HAL_ID = {hal-00989781},
  HAL_VERSION = {v2},
}

@article{choral,
year={2015},
issn={0168-7433},
journal={Journal of Automated Reasoning},
volume={55},
number={1},
doi={10.1007/s10817-015-9326-4},
title={Automated Theorem Proving in {G}eo{G}ebra: Current Achievements},
note={\url{http://dx.doi.org/10.1007/s10817-015-9326-4}},
publisher={Springer Netherlands},
keywords={Secondary education; Interactive learning environments; Intelligent tutoring systems; Automatic theorem proving},
author={Botana, Francisco and Hohenwarter, Markus and Jani\v{c}i\'{c}, Predrag and Kov\'acs, Zolt\'an and Petrovi\'c, Ivan and Recio, Tom\'as and Weitzhofer, Simon},
pages={39-59},
language={English}
}

@ARTICLE{Wiles95modularelliptic,
    author = {Andrew John Wiles},
    title = {Modular elliptic curves and {F}ermat's Last Theorem},
    journal = {Annals of Math},
    year = {1995},
    volume = {141},
    pages = {141}
}

@article {LAD,
author = {Botana, Francisco and Ab\'anades, Miguel A. and Escribano, Jes\'us},
title = {Exact internet accessible computation of paths of points in planar linkages and diagrams},
journal = {Computer Applications in Engineering Education},
volume = {19},
number = {4},
publisher = {Wiley Subscription Services, Inc., A Wiley Company},
issn = {1099-0542},
url = {http://dx.doi.org/10.1002/cae.20346},
doi = {10.1002/cae.20346},
pages = {835--841},
keywords = {geometric constraint solving, dynamic geometry, Internet accessible mathematical computation},
year = {2011},
}

@incollection{LAD2,
  author      = "F. Botana",
  title       = "Bringing More Intelligence to Dynamic Geometry by Using Symbolic Computation",
  editor      = "Shangzhi Li and Dongming Wang and Jing-Zhong Zhang",
  booktitle   = "Symbolic Computation and Education",
  publisher   = "World Scientific",
  address     = "Singapore",
  isbn        = "978-981-277-599-3",
  doi         = "10.1142/9789812776006_0008",
  year        = 2007,
  pages       = "136-149"
}

@article{Wilkie,
author={A. J. Wilkie},
title={Model completeness results for expansions of the ordered field of real numbers by restricted {P}faffian functions
and the exponential functions},
journal={J. Amer. Math. Soc.},
volume=9,
year=1996
pages={1051--1094}
}

@incollection{wherethetruth,
year={2004},
isbn={978-3-540-22056-5},
booktitle={Computational Science and Its Applications -- ICCSA 2004},
volume={3044},
series={Lecture Notes in Computer Science},
editor={Lagan\'a, Antonio and Gavrilova, Marina L. and Kumar, Vipin and Mun, Youngsong and Tan, C. J. Kenneth and Gervasi, Osvaldo},
doi={10.1007/978-3-540-24709-8_80},
title={Where the Truth Lies (in Automatic Theorem Proving in Elementary Geometry)},
url={http://dx.doi.org/10.1007/978-3-540-24709-8_80},
publisher={Springer, Berlin, Heidelberg},
author={Recio, T. and Botana, F.},
pages={761-770},
language={English}
}

@incollection{TraversoConti,
year={2001},
isbn={978-3-540-42598-4},
booktitle={Automated Deduction in Geometry},
volume={2061},
series={Lecture Notes in Computer Science},
editor={Richter-Gebert, J\"urgen and Wang, Dongming},
doi={10.1007/3-540-45410-1_6},
title={Algebraic and Semialgebraic Proofs: Methods and Paradoxes},
url={http://dx.doi.org/10.1007/3-540-45410-1_6},
publisher={Springer, Berlin, Heidelberg},
author={Conti, Pasqualina and Traverso, Carlo},
pages={83-103},
language={English}
}

@article{beltran,
author={Beltr\'an, Carlos and Pardo, Luis Miguel},
year=2009,
title="Smale's 17th Problem: Average Polynomial Time to compute affine and projective solutions",
journal={Journal of the American Mathematical Society},
volume=22,
pages={363--385},
doi={10.1090/s0894-0347-08-00630-9}
}

@incollection{JAS,
year={2008},
isbn={978-3-540-87826-1},
booktitle={Computer Mathematics},
volume={5081},
series={Lecture Notes in Computer Science},
editor={Kapur, Deepak},
doi={10.1007/978-3-540-87827-8_10},
title={Evaluation of a {J}ava Computer Algebra System},
url={http://dx.doi.org/10.1007/978-3-540-87827-8_10},
publisher={Springer, Berlin, Heidelberg},
author={Kredel, Heinz},
pages={121-138},
language={English}
}

@article{jscl,
  author    = {Raphael Jolly and
               Heinz Kredel},
  title     = {How to turn a scripting language into a domain specific language for
               computer algebra},
  journal   = {CoRR},
  volume    = {abs/0811.1061},
  year      = {2008},
  url       = {http://arxiv.org/abs/0811.1061},
  timestamp = {Mon, 05 Dec 2011 18:05:13 +0100},
  biburl    = {http://dblp.uni-trier.de/rec/bib/journals/corr/abs-0811-1061},
  bibsource = {dblp computer science bibliography, http://dblp.org}
}

 @misc{ wiki:jama,
   author = "Wikipedia",
   title = "JAMA (numerical linear algebra library) --- {W}ikipedia{,} The Free Encyclopedia",
   year = "2013",
   note = "\url{http://en.wikipedia.org/w/index.php?title=JAMA_(numerical_linear_algebra_library)&oldid=562606435}",
   note = "[Online; accessed 22-May-2015]"
 }

@incollection{yacas,
year={2002},
isbn={978-3-540-43865-6},
booktitle={Artificial Intelligence, Automated Reasoning, and Symbolic Computation},
volume={2385},
series={Lecture Notes in Computer Science},
editor={Calmet, Jacques and Benhamou, Belaid and Caprotti, Olga and Henocque, Laurent and Sorge, Volker},
doi={10.1007/3-540-45470-5_29},
title={Yacas: A Do-It-Yourself Symbolic Algebra Environment},
url={http://dx.doi.org/10.1007/3-540-45470-5_29},
publisher={Springer Berlin Heidelberg},
author={Pinkus, Ayal Z. and Winitzki, Serge},
pages={332-336},
language={English}
}

 @misc{ wiki:Java,
   author = "Wikipedia",
   title = "Java (programming language) --- {W}ikipedia{,} The Free Encyclopedia",
   year = "2015",
   note = "\url{http://en.wikipedia.org/w/index.php?title=Java_(programming_language)&oldid=663207614}"
 }


 @misc{ wiki:Cache,
   author = "Wikipedia",
   title = "Cache (computing) --- {W}ikipedia{,} The Free Encyclopedia",
   year = "2015",
   note = "\url{http://en.wikipedia.org/w/index.php?title=Cache_(computing)&oldid=662827581}"
 }

@book{LinAlgGS,
  author = {Gilbert Strang},
  title = {Introduction to Linear Algebra, Fourth Edition},
  publisher = {Wellesley-Cambridge Press},
  isbn = "978-0980232714",
  year = 2009
}

 @misc{ wiki:algebraicindependence,
   author = "Wikipedia",
   title = "Algebraic independence --- {W}ikipedia{,} The Free Encyclopedia",
   year = "2013",
   note = "\url{https://en.wikipedia.org/w/index.php?title=Algebraic_independence&oldid=561258880}"
 }

 @misc{ wiki:colossus,
   author = "Wikipedia",
   title = "Colossus computer --- {W}ikipedia{,} The Free Encyclopedia",
   year = "2015",
   note = "\url{https://en.wikipedia.org/w/index.php?title=Colossus_computer&oldid=666336138}"
 }


@incollection{bruno-noideal,
author={B. Buchberger},
title={Groebner-Bases: An Algorithmic Method in Polynomial Ideal Theory},
booktitle={Multidimensional Systems Theory -- Progress, Directions and Open Problems in Multidimensional Systems},
editor={N. K. Bose},
chapter=6,
pages={184-232},
year=1985,
publisher={Reidel Publishing Company, Dordrecht, Boston, Lancaster, The Netherlands},
isbn={90-277-1764-8}
}

@mastersthesis{matekerettsegi,
 author = {Bernadett Csabai},
 title = {R\'egi \'es \'uj t\'\i pus\'u magyarorsz\'agi matematikai \'eretts\'egi t\'etelek \"osszehasonl\'\i t\'asa},
 school = {E\"otv\"os Lor\'and University},
 note= {\url{https://www.cs.elte.hu/blobs/diplomamunkak/bsc_mattan/2011/csabai_bernadett.pdf}},
 year = {2011}
}

@article{Libbrecht,
title={Adaptations to a Learning Resource},
author={Paul Libbrecht},
journal={Acta Didactica Napocensia},
year=2015,
month=5,
day=30,
volume=8,
number=1
}

@article{Hammer2009,
author={Hammer, Christoph},
title={Vom {A}rgument zum {B}eweis. Logische Begr\"undungen und pr\"aformale Beweise},
journal={Mathematik lehren},
volume=155,
year=2009,
pages={18-21}
}

@article{UferHeinze2009,
author={Stefan Ufer and Aiso Heinze},
title={$\ldots$ mehr als nur dir {L}\"osung formulieren. {P}hasen des geometrischen {B}eweisprozesses aufzeigen},
journal={Mathematik lehren},
volume=155,
year=2009,
pages={43-49}
}

@incollection{Elschenbroich2005,
author={Elschenbroich, Hans-J\"urgen},
title={Computer {I}nternet und {C}o.~im Mathematikunterricht.},
book={Mit dynamischer {G}eometrie argumentieren und beweisen},
pages={76--85},
publisher={Cornelsen Scriptor},
year=2005
}

@article{preformal1,
year={1991},
issn={0013-1954},
journal={Educational Studies in Mathematics},
volume={22},
number={2},
doi={10.1007/BF00555722},
title={Preformal proving: Examples and reflections},
url={http://dx.doi.org/10.1007/BF00555722},
publisher={Kluwer Academic Publishers},
author={Blum, Werner and Kirsch, Arnold},
pages={183-203},
language={English}
}

@mastersthesis{Christina,
 author = {Christina Biermair},
 title = {Pr\"aformale Beweise im Mathematikunterricht},
 school = {Johannes Kepler University, Linz, Austria},
 year = {2014}
}


@book{Bruner1966,
year=1966,
title={Toward a theory of instruction},
publisher={The Belknap Press of Harvard University Press, Cambridge, MA},
author={Jerome S.~Bruner},
}

@article{Boero1999,
author={Boero, Paolo},
title={Argumentation and mathematical proof: A complex, productive, unavoidable relationship in mathematics and mathematics education},
journal={International Newsletter on the Teaching and Learning of Mathematical Proof},
volume=7,
year=1999,
number=8
}


@phdthesis{MarkusPhD,
author={M. Hohenwarter},
year=2006,
title={{G}eo{G}ebra -- didaktische {M}aterialien und {A}nwendungen f\"ur den {M}athematikunterricht},
school = {Paris Lodron University, Salzburg, Austria},
}

@phdthesis{JudithPhD,
author={J. Preiner},
year=2008,
month=Apr,
day=2,
title={Introducing Dynamic Mathematics Software to Mathematics Teachers: the Case of {G}eo{G}ebra},
school = {Paris Lodron University, Salzburg, Austria}
}
